% Encoding: windows-1252

@Preamble{ {\providecommand{\noopsort}[1]{}} }


@String { ajs    = {American Journal of Science} }
@String { amm    = {Appl. Math. Modelling} }
@String { ams    = {American Meteorological Society} }
@String { bgsa   = {Bulletin of the Geological Society of America} }
@String { blm    = {Boundary-Layer Meteorology} }
@String { ce     = {Coastal Engineering} }
@String { cej    = {Coastal Engineering in Japan} }
@String { cetiea = {Transactions of the Institution of Engineers, Australia, Civil Engineering} }
@String { cjes   = {Canadian Journal of Earth Sciences} }
@String { cma    = {Computers \& Mathematics with Applications} }
@String { cpam   = {Communications on Pure \& Applied Mathematics} }
@String { csr    = {Continental Shelf Research} }
@String { delta  = {Deltares} }
@String { dhz    = {Deutsche Hydrographische Zeitschrift} }
@String { dsr    = {Deep-Sea Research} }
@String { ecss   = {Estuarine, Coastal and Shelf Science} }
@String { envhyd = {Environmental Hydraulics} }
@String { espl   = {Earth Surface Processes and Landforms} }
@String { geol   = {Geology} }
@String { geom   = {Geomorphology} }
@String { gsab   = {Geological Society of America Bulletin} }
@String { hansa  = {HANSA International Maritime Journal} }
@String { hge    = {Hamburger Geophysikalische Einzelschriften} }
@String { hkv    = {HKV consultants, Lelystad, The Netherlands} }
@String { hyd    = {Hydrobiologica} }
@String { hyp    = {Hydrological Processes} }
@String { ijnme  = {International Journal Numerical Methods Engineering} }
@String { itice  = {I. Trans. Institution of Chemical Engineers} }
@String { jamtc  = {Journal of Advances in Marine Technology Conference} }
@String { jas    = {Journal of Atmospheric Science} }
@String { jcp    = {Journal of Computational Physics} }
@String { jee    = {Journal of Environmental Engineering} }
@String { jfm    = {Journal of Fluid Mechanics} }
@String { jg     = {Journal of Geology} }
@String { jgr    = {Journal of Geophysical Research} }
@String { jhd    = {Journal of the Hydraulics Division, ASCE} }
@String { jhe    = {Journal of Hydraulic Engineering} }
@String { jhr    = {Journal of Hydraulic Research} }
@String { jm     = {Journal of Meteorology} }
@String { jmr    = {Journal of Marine Research} }
@String { jms    = {Journal of Marine Systems} }
@String { joh    = {Journal of Hydrology} }
@String { josj   = {Journal of the Oceanographical Society of Japan} }
@String { jpo    = {Journal of Physical Oceanography} }
@String { jsp    = {Journal of Sedimentary Petrology} }
@String { jwhce  = {Journal of the Waterways, Harbours and Coastal Engineering Division} }
@String { jwpcf  = {Journal Water Pollution Control Federation} }
@String { jwpco  = {Journal of the Waterway, Port, Coastal and Ocean Division, ASCE} }
@String { marg   = {Marine Geology} }
@String { mc     = {Mathematics of Computation} }
@String { mwr    = {Monthly Weather Review} }
@String { nmif   = {International Journal Numerical Methods In Fluids} }
@String { ocp    = {Oil \& Chemical Pollution} }
@String { oe     = {Ocean Engineering} }
@String { pfa    = {Physics of Fluids A} }
@String { prsl   = {Proceedings of the Royal Society London} }
@String { ptrsl  = {Philosophical transaction of the Royal Society London A} }
@String { qjrms  = {Quarterly Joournal of the Royal Meteorological Society} }
@String { rgsp   = {Review of Geophysics and Space Physics} }
@String { sci    = {Science} }
@String { sed    = {Developments in Sedimentology} }
@String { shh    = {Stochastic Hydrology \& Hydraulics} }
@String { sst    = {Spill Science \& Technology} }
@String { tagu   = {Transactions - American Geophysical Union} }
@String { tasae  = {Transactions of the American Society of AE} }
@String { tud    = {Delft University of Technology, Delft, The Netherlands} }
@String { ut     = {University of Twente, Enschede, The Netherlands} }
@String { wl     = {WL \textbar \ Delft Hydraulics, Delft, The Netherlands} }
@String { wrb    = {Water Resources Bulletin} }
@String { wrr    = {Water Resources Research} }
@String { zamm   = {Zeitschrift f\"ur Angewandte Mathematik und Mechanik} }

@Article{Crosato07,
  Title                    = {Effects of smoothing and regridding in numerical meander migration models},
  Author                   = {Crosato, A.},
  Year                     = {2007},
  Journal                  = wrr,
  Volume                   = {43}
}

@TechReport{Vergeer96,
  Author                   = {Vergeer, G. J. H.},
  Title                    = {Erosie van onverdedigde oevers},
  Year                     = {1996},
  Institution              = {CUR, Gouda, The Netherlands},
  Number                   = {96-7},
  Note                     = {In Dutch}
}

@TechReport{xx,
  Title                    = {Trajectnota/MER Zandmaas-Maasroute, Ontwerp natuurvriendelijke oevers},
  Year                     = {1998},
  Author                   = {{IWACO} and {Waterloopkundig Laboratorium} and {CSO}},
  Number                   = {3361070},
  Note                     = {In Dutch}
}

@TechReport{MarkSBMV11,
  Title                    = {Morfologische effectstudie KRW-maatregelen IJssel},
  Author                   = {Mark, R. van der and Sligte, R. A. M. van der and Becker, A. and Mosselman, E. and Verheij, H. J.},
  Year                     = {2011},
  Institution              = {Deltares, Delft, The Netherlands},
  Number                   = {1204885},
  Note                     = {In Dutch}
}

@TechReport{Schuurman10,
  Title                    = {Casestudie oevererosie Maas},
  Author                   = {Schuurman, F.},
  Year                     = {2010},
  Institution              = {DHV, The Netherlands},
  type                     = {Memo},
  Number                   = {LW-AF20100800/RK},
  Note                     = {In Dutch}
}

@TechReport{SiebenESH05,
  Title                    = {Inschatting van de kans op achterloopsheid bij kribben},
  Author                   = {Sieben, J. and Essen, J. A. F. van and Scholten, M. J. M. and Hal, L. W. J. van},
  Year                     = {2005},
  Institution              = {RIZA, Rijkswaterstaat, The Netherlands},
  Type                     = {Werkdocument},
  Number                   = {2005.148x},
  Note                     = {In Dutch}
}

@TechReport{Sieben05,
  Title                    = {Wie het water deert, die het water keert - Inventarisatie van beheer en onderhoud van kribben en oeververdedigingen},
  Author                   = {Sieben, J.},
  Year                     = {2005},
  Institution              = {RIZA, Rijkswaterstaat, The Netherlands},
  Type                     = {Werkdocument},
  Number                   = {2005.034x},
  Note                     = {In Dutch}
}

@TechReport{Spruyt09,
  Title                    = {Shifting margins, behaviour of dynamic banks},
  Author                   = {Spruyt, A.},
  Year                     = {2009},
  Institution              = {Deltares, Delft, The Netherlands},
  Type                     = {Internal memorandum},
  Number                   = {200186-003-ZWS-0003-v2-m-Oeverdetectie}
}

@TechReport{SpruytM10,
  Title                    = {Deelproject 3: Schuivende marges, gedrag van dynamische oevers (Shifting margins, behaviour of dynamic banks). Appendix C in TO Rivierkundige Onderzoeksthema's; Rapportage 2009},
  Author                   = {Spruyt, A. and Mosselman, E.},
  Year                     = {2010},
  Institution              = {Deltares, Delft, The Netherlands},
  Number                   = {1200186.000},
  Note                     = {In Dutch}
}

@TechReport{StolkerV01a,
  Title                    = {Gevoeligheidsonderzoek sedimentatie en erosie in kribvakken langs de Lek},
  Author                   = {Sbtolker, C. and Verheij, H. J.},
  Year                     = {2001},
  Institution              = {WL | Delft Hydraulics, Delft, The Netherlands},
  Number                   = {Q2792},
  Note                     = {In Dutch}
}

@TechReport{StolkerV01b,
  Title                    = {Calibratie van een oeverafslagmodel voor de Zandmaas},
  Author                   = {Stolker, C. and Verheij, H. J.},
  Year                     = {2001},
  Institution              = {WL | Delft Hydraulics, Delft, The Netherlands},
  Number                   = {Q3060},
  Note                     = {In Dutch}
}

@TechReport{VerheijKNS98,
  Author                   = {Verheij, H. J. and Kruse, G. A. M. and Niemeijer, J. H. and Sprangers, J. T. C. M.},
  Title                    = {Technisch rapport erosiebestendigheid van grasland als dijkbekleding},
  Year                     = {1998},
  Institute                = {Technische Adviescommissie voor de Waterkeringen, Delft, The Netherlands},
  Note                     = {In Dutch}
}

@TechReport{VerheijMKSV95,
  Author                   = {Verheij, H. J. and Meijer, D. G. and Kruse, G. A. M. and Smith, G. M. and Vesseur, M.},
  Year                     = {1995},
  Title                    = {Investigation of the strength of a grass cover upon river dikes},
  Institution              = {Deltares, Delft, The Netherlands},
  Number                   = {Q1878}
}

@TechReport{Verheij00,
  Title                    = {Samenwerkingsproject Modellering Afslagoevers},
  Author                   = {Verheij, H. J.},
  Year                     = {2000},
  Institution              = {WL | Delft Hydraulics, Delft, The Netherlands},
  Number                   = {Q2529},
  Note                     = {In Dutch}
}

@TechReport{VerheijKS07,
  Title                    = {Verder ontwikkelen van oeverafslagmodel BEM},
  Author                   = {Verheij, H. J. and Knaap, F. van der and Sessink, H.},
  Year                     = {2007},
  Institution              = {WL | Delft Hydraulics, Delft, The Netherlands},
  Number                   = {Q4264.02},
  Note                     = {In Dutch}
}

@TechReport{Vroeg99,
  Title                    = {Breach growth in cohesive materials: selection of cases},
  Author                   = {Vroeg, J. H. de},
  Year                     = {1999},
  Institution              = {WL | Delft Hydraulics, Delft, The Netherlands},
  Number                   = {H3468}
}

@TechReport{trm,
  Title                    = {\dfastbe Technical Reference Manual},
  Key                      = {{TechRef}},
  Institution              = {Deltares, The Netherlands},
  Year                     = {\the\year}
}
